@article{bruns1977nonlinear,
  title={Nonlinear feedback control for operating a nonisothermal CSTR near an unstable steady state},
  author={Bruns, DD and Bailey, JE},
  journal={Chemical Engineering Science},
  volume={32},
  number={3},
  pages={257--264},
  year={1977},
  publisher={Elsevier}
}
@article{balakotaiah1981analysis,
  title={Analysis of the multiplicity patterns of a CSTR},
  author={BALAKOTAIAH, VEMURI and LUSS, DAN},
  journal={Chemical Engineering Communications},
  volume={13},
  number={1-3},
  pages={111--132},
  year={1981},
  publisher={Taylor \& Francis}
}
@article{schmidt1981dynamic,
  title={The dynamic behavior of continuous polymerization reactors—I: Isothermal solution polymerization in a CSTR},
  author={Schmidt, Alan D and Ray, W Harmon},
  journal={Chemical Engineering Science},
  volume={36},
  number={8},
  pages={1401--1410},
  year={1981},
  publisher={Elsevier}
}
@article{hamer1981dynamic,
  title={The dynamic behavior of continuous polymerization reactors—II Nonisothermal solution homopolymerization and copolymerization in a CSTR},
  author={Hamer, JW and Akramov, TA and Ray, WH},
  journal={Chemical Engineering Science},
  volume={36},
  number={12},
  pages={1897--1914},
  year={1981},
  publisher={Elsevier}
}
@article{teymour1992dynamic,
  title={The dynamic behavior of continuous polymerization reactors—V. Experimental investigation of limit-cycle behavior for vinyl acetate polymerization},
  author={Teymour, F and Ray, WH},
  journal={Chemical engineering science},
  volume={47},
  number={15-16},
  pages={4121--4132},
  year={1992},
  publisher={Elsevier}
}
@article{teymour1989dynamic,
  title={The dynamic behavior of continuous solution polymerization reactors—IV. Dynamic stability and bifurcation analysis of an experimental reactor},
  author={Teymour, F and Ray, WH},
  journal={Chemical Engineering Science},
  volume={44},
  number={9},
  pages={1967--1982},
  year={1989},
  publisher={Elsevier}
}
@article{teymour1992dynamic2,
  title={The dynamic behavior of continuous polymerization reactors—VI. Complex dynamics in full-scale reactors},
  author={Teymour, F and Ray, WH},
  journal={Chemical engineering science},
  volume={47},
  number={15-16},
  pages={4133--4140},
  year={1992},
  publisher={Elsevier}
}
@article{scott1983reversible,
  title={Reversible autocatalytic reactions in an isothermal CSTR: multiplicity, stability and relaxation times},
  author={Scott, SK},
  journal={Chemical engineering science},
  volume={38},
  number={10},
  pages={1701--1708},
  year={1983},
  publisher={Elsevier}
}
@article{lin1981multiplicity,
  title={Multiplicity, stability and dynamics for isothermal autocatalytic reactions in CSTR},
  author={Lin, KF},
  journal={Chemical Engineering Science},
  volume={36},
  number={9},
  pages={1447--1452},
  year={1981},
  publisher={Elsevier}
}
@article{terpstra1992real,
  title={A Real-Time Fuzzy, Deep-knowledge Based Fault-diagnosis System for a CSTR},
  author={Terpstra, V\_J and Verbruggen, HB and Hoogland, MW and Ficke, RAE},
  journal={IFAC Proceedings Volumes},
  volume={25},
  number={4},
  pages={73--78},
  year={1992},
  publisher={Elsevier}
}
@article{ozyurt1996hybrid,
  title={A hybrid hierarchical neural network-fuzzy expert system approach to chemical process fault diagnosis},
  author={{\"O}zyurt, Burak and Kandel, Abraham},
  journal={Fuzzy sets and systems},
  volume={83},
  number={1},
  pages={11--25},
  year={1996},
  publisher={Elsevier}
}
@article{chang1990line,
  title={On-line fault diagnosis using the signed directed graph},
  author={Chang, Chung Chien and Yu, Cheng Ching},
  journal={Industrial \& Engineering Chemistry Research},
  volume={29},
  number={7},
  pages={1290--1299},
  year={1990},
  publisher={ACS Publications}
}
@article{zhang1996process,
  title={Process modelling and fault diagnosis using fuzzy neural networks},
  author={Zhang, Jie and Morris, Julian},
  journal={Fuzzy Sets and Systems},
  volume={79},
  number={1},
  pages={127--140},
  year={1996},
  publisher={Elsevier}
}
@article{hoskins1991fault,
  title={Fault diagnosis in complex chemical plants using artificial neural networks},
  author={Hoskins, JC and Kaliyur, KM and Himmelblau, David M},
  journal={AIChE Journal},
  volume={37},
  number={1},
  pages={137--141},
  year={1991},
  publisher={Wiley Online Library}
}
@book{fogler2010essentials,
  title={Essentials of Chemical Reaction Engineering: Essenti Chemica Reactio Engi},
  author={Fogler, H Scott},
  year={2010},
  publisher={Pearson Education}
}